<record><leader>00000cas a2200000 i 4500</leader><controlfield tag="001">13295280</controlfield><controlfield tag="008">860314d1813181uscuwr ne      0    0eng c</controlfield><datafield ind1=" " ind2=" " tag="010"><subfield code="a">sn 86053192 </subfield></datafield><datafield ind1=" " ind2=" " tag="040"><subfield code="a">NPX</subfield><subfield code="b">eng</subfield><subfield code="e">rda</subfield><subfield code="c">NPX</subfield><subfield code="d">SVN</subfield><subfield code="d">OCL</subfield><subfield code="d">OCLCQ</subfield><subfield code="d">OCLCF</subfield><subfield code="d">SUC</subfield><subfield code="d">OCL</subfield></datafield><datafield ind1=" " ind2=" " tag="042"><subfield code="a">msc</subfield></datafield><datafield ind1=" " ind2=" " tag="043"><subfield code="a">n-us-sc</subfield></datafield><datafield ind1="0" ind2="0" tag="245"><subfield code="a">Carolina patriot.</subfield></datafield><datafield ind1=" " ind2="1" tag="264"><subfield code="a">[Charleston, South Carolina] :</subfield><subfield code="b">[publisher not identified]</subfield></datafield><datafield ind1=" " ind2=" " tag="300"><subfield code="a">volumes</subfield></datafield><datafield ind1=" " ind2=" " tag="310"><subfield code="a">Weekly</subfield></datafield><datafield ind1=" " ind2=" " tag="336"><subfield code="a">text</subfield><subfield code="2">rdacontent</subfield></datafield><datafield ind1=" " ind2=" " tag="337"><subfield code="a">unmediated</subfield><subfield code="2">rdamedia</subfield></datafield><datafield ind1=" " ind2=" " tag="338"><subfield code="a">volume</subfield><subfield code="2">rdacarrier</subfield></datafield><datafield ind1="1" ind2=" " tag="362"><subfield code="a">Began with May 1, 1813 issue.</subfield><subfield code="z">Cf. Brigham, C.S. Amer. newspapers.</subfield></datafield><datafield ind1="4" ind2=" " tag="510"><subfield code="a">Shaw &amp; Shoemaker</subfield><subfield code="c">28078</subfield></datafield><datafield ind1="4" ind2=" " tag="510"><subfield code="a">Brigham, C.S. Amer. newspapers,</subfield><subfield code="c">p. 1025</subfield></datafield><datafield ind1=" " ind2=" " tag="588"><subfield code="a">Description based on: Vol. I, No. 19 (September 4th, 1813); title from masthead.</subfield></datafield><datafield ind1=" " ind2=" " tag="588"><subfield code="a">Latest issue consulted: Vol. I, No. 19 (September 4th, 1813).</subfield></datafield><datafield ind1=" " ind2="0" tag="651"><subfield code="a">Charleston (S.C.)</subfield><subfield code="v">Newspapers.</subfield></datafield><datafield ind1=" " ind2="0" tag="651"><subfield code="a">Charleston County (S.C.)</subfield><subfield code="v">Newspapers.</subfield></datafield><datafield ind1=" " ind2="7" tag="651"><subfield code="a">South Carolina</subfield><subfield code="z">Charleston</subfield><subfield code="2">fast</subfield><subfield code="0">(OCoLC)fst01204603</subfield></datafield><datafield ind1=" " ind2="7" tag="651"><subfield code="a">South Carolina</subfield><subfield code="z">Charleston County.</subfield><subfield code="2">fast</subfield><subfield code="0">(OCoLC)fst01210029</subfield></datafield><datafield ind1=" " ind2="7" tag="655"><subfield code="a">Newspapers.</subfield><subfield code="2">fast</subfield><subfield code="0">(OCoLC)fst01423814</subfield></datafield><datafield ind1=" " ind2=" " tag="752"><subfield code="a">United States</subfield><subfield code="b">South Carolina</subfield><subfield code="c">Charleston</subfield><subfield code="d">Charleston.</subfield></datafield></record>